@article{wsn,
    author =       " F. L. LEWIS, D.J. Cook and S.K. Das",
    title =        "{Wireless  Sensor  Networks  Smart Environments: Technologies,  Protocols,  and  Applications}",
    journal =      "John Wiley",
    year =         "2014"
}
@article{wsn2,
    author =       "Kazem Sohraby, Daniel Minoli, Taieb Znati",
    title =        "{WIRELESS  SENSOR  NET-WORKS Technology, Protocols, and Applications}",
    journal =      "John Wiley",
    year = "2007"
}
@article{wsn3,
    author =       " Neda Enami, Reza Askari Moghadam",
    title =        "{Energy Based Clustering Self Organiz-ing  Map  Protocol  For  extending  Wireless  Sensor  Networks  lifetime  and  cov-erage}",
    journal =      "Canadian Journal on Multimedia and Wireless Networks",
    year = "2010"
}
@article{application,
    author =       " S.Prasanna,Srinivasa Rao",
    title =        "{An Overview of Wireless Sensor Networks Applications and Security}",
    journal =      "International Journal of Soft Computing and Engineering (IJSCE)",
    year = "2012"
}
@article{sync1,
    author =       "Santashil PalChaudhuri,Amit Kumar Saha and David B.Johnson",
    title =        "{Adaptive Clock Synchronization in   Sensor   Networks}",
    journal =      "International Journal of Soft Computing and Engineering (IJSCE)",
    year = "2012"
}
@article{sync2,
    author =       " Amin Saiah , Chafika Benzaid , Nadjib Badache",
    title =        "{Consensus-based Multi-hop Time Synchronization protocol in wireless sensor networks}",
    journal =      "Network Computing and Applications (NCA), 2016 IEEE 15th International Symposium",
    year = "2016"
}

@article{security,
    author =       " Gowrishankar.S ,T.G.Basavaraju,Manjaiah D.H,Subir Kumar Sarkar",
    title =        "{Issues in Wireless Sensor Networks}",
    journal =      "Proceedings of the World Congress on Engineering",
    year = "2008"
}


@article{qos,
    author =       " J.  Paek,  K.  Chintalapudi,  J.  Cafferey,  R.  Govindan,  and  S.  Masri",
    title =        "{A wireless  sensor  network  for  structural  health  monitoring:  Performance and  experience}",
    journal =      "In  Proceedings  of  the  Second  IEEE  Workshop  on Embedded Networked Sensor",
    year = "2005"
}


@article{energy,
    author =       "S. Karthik ,Dr. A. Ashok Kumar ",
    title =        "{Challenges of Wireless Sensor Networks and Issues associated with Time Synchronization }",
    journal =      "Proceedings of the UGC Sponsored National Conference on Advanced Networking and Applications",
    year =         "2015"
}
@article{sync4,
    author =       "__________ ",
    title =        "{Computer Network Time Synchronization: The Network Time Protocol}",
    journal =      "CRC Press",
    year =         "2006"
}

@book{book,
    author    = "Erchin Serpedin ,Wasim M.chaudhari",
    title     = "Synchronization in wireless sensor networks",
    year      = "2009",
    address   = "Cambridge",
    pages = ""
}
@ARTICLE{sync5,
    author = {I. F. Akyildiz and W. Su and Y. Sankarasubramaniam and E. Cayirci},
    title = {Wireless sensor networks: a survey},
    journal = {Computer Networks},
    year = {2002},
    volume = {38},
    pages = {393--422}
}
@book{delay,
    author    = "H. Kopetz and W. Ochsenreiter",
    title     = " Clock synchronization in distributed realtime systems",
    year      = "1987",
    address   = "IEEE Transactions on Computers",
    pages = "933â€“939"
}
@ARTICLE{approch,
    author = {Keun Rhee,Jaehan Lee,Jangsub Kim,Erchin Serpedin,Yik-Chung Wu},
    title = {Clock Synchronization in Wireless Sensor Networks: An Overview},
    journal = {ISSN},
    year = {2009},
    volume = {30},
}